@BOOK{Beck1955,
author = {Beckman M., McGuire C.B., Winsten C.B.},
title = {Studies in the economics of transportation},
publisher ={Santa Monica: RAND Corporation},
year = {1955}
}

@BOOK{NYu1,
author = {A.S.Nemirovskiy and D.B.Yudin},
title = {Task complexity and efficiency optimization techniques},
publisher = {Moscow: Nauka},
year = {1979},
url = {http://www2.isye.gatech.edu/~nemirovs/Lect_EMCO.pdf}
}

@ARTICLE{BT2,
author = {A.Beck and M.Teboulle},
title = {Mirror descent and nonlinear projected subgradient methods for convex optimization},
journal = {Oper. Res. Lett},
year = {2003},
volume = {31},
pages = {167�175}
}

@ARTICLE{N3,
author = {Yu. Nesterov},
title = {Primal-dual subgradient methods for convex problems},
journal = {Math. Program. Ser. B.},
year = {2009},
volume = {120},
number = {1},
pages = {261-283}
}

@ARTICLE{YuNTsV4,
author  = {A.B.Yuditskiy and A.V.Nazin and A.B.Tsybakov and N.Vayatis},
title   = {Aggregation of Estimators by Mirror Descent Algorithm with Averaging},
journal = {Problems of Information Transmission},
year    = {2005},
volume  = {41},
number  = {4},
pages   = {78-96}
}

@BOOK{B5,
author = {S.Bubeck},
title  = {Introduction to online optimization: Lecture Notes},
publisher ={Princeton University},
year   = {2011},
url    = {http://www.princeton.edu/~sbubeck/BubeckLectureNotes.pdf}
}

@ARTICLE{GK6,
author = {M.Grigoriadis and L.Khachiyan},
title = {A sublinear-time randomized approximation algorithm for matrix games},
journal = {Oper. Res. Lett.},
year = {1995},
volume = {18},
number = {2},
pages = {53�58}
}

@ARTICLE{JuLNSh7,
  author       = {A.Juditskiy and G.Lan and A.Nemirovskiy and A.Shapiro},
  title        = {Stochastic approximation approach to stochastic programming},
  journal      = {SIAM Journal on Optimization},
  year         = {2009},
  volume       = {19},
  number       = {4},
  pages        = {1574�1609}
}

@ARTICLE{NP8,
  author       = {A.V.Nazin and B.T.Polyak},
  title        = {Randomized algorithm for finding the eigenvector of
  a stochastic matrix with application to the PageRank problem},
  journal      = {Automation and Remote Control},
  year         = {2011},
  volume       = {2},
  pages        = {131-141}
}

@BOOK{LCB9,
  author       = {G. Lugosi and N.Cesa-Bianchi},
  title        = {Prediction, learning and games},
  publisher    = {Cambridge University Press},
  address      = {New York},
  year         = {2006},
}

@inproceedings{JuNTsV10,
author =  {A.Juditskiy and A.V.Nazin and A.B.Tsybakov and N.Vayatis},
title = {Gap-free Bounds for Stochastic Multi-Armed Bandit},
booktitle ={Proceedings of the 17th World Congress IFAC},
address ={Seoul, Korea},
year = {2008},
month ={July},
date ={6-11},
pages = {11560�11563}
}

@misc{M11,
author = {Y.Mansour},
title = {Algorithmic Game Theory and Machine Learning},
year = {2011},
url = {http://www.tau.ac.il/~mansour/advanced-agt+ml/}
}

@misc{R12,
author ={A.Rakhlin},
title = {Lecture notes on online learning},
year = {2009},
url = {http://stat.wharton.upenn.edu/~rakhlin/papers/online_learning.pdf}
}

@ARTICLE{H13,
author = {E.Hazan},
title = {The convex optimization approach to regret minimization},
journal = {Optimization for Machine Learning},
editor ={Sra S., Nowozin S., Wright S.},
publisher = {MIT Press},
year = {2011},
pages = {287�303}
}

@ARTICLE{BCB14,
author = {S.Bubeck and N.Cesa-Bianchi},
title = {Regret analysis of stochastic and nonstochastic multi-armed bandit problems},
journal = {Foundation and Trends in Machine Learning},
year = {2012},
volume = {5},
number = {1},
pages = {1-122},
url = {http://www.princeton.edu/~sbubeck/SurveyBCB12.pdf }
}

@ARTICLE{JuN15,
author = {A.Juditskiy and A.Nemirovskiy},
title = {First order methods for nonsmooth convex large-scale optimization, I, II},
journal =                                
  {Optimization for Machine Learning. Eds. S. Sra, S. Nowozin, S. Wright},
publisher ={MIT Press},
year = {2012},
}

@ARTICLE{N16,
author = {Yu.Nesterov},
title = {Gradient methods for minimizing composite functions},
journal = {Math. Program. Ser. B.},
year = {2012},
}

@ARTICLE{N17,
author = {Yu.Nesterov},
title = {Minimizing functions with bounded variation of subgradients},
publisher = {CORE Discussion Papers},
year = {2005},
volume ={79}
}

@ARTICLE{LNSh18,
author ={G.Lan and A.Nemirovskiy and A.Shapiro},
title ={Validation analysis of mirror descent stochastic approximation method},
journal ={Mathematical Programming},
year = {2011},
url ={http://www2.isye.gatech.edu/~nemirovs/MP_Valid_2011.pdf}
}

@ARTICLE{N19,
author = {Yu.Nesterov},
title = {Random gradient-free minimization of convex functions},
publisher ={CORE Discussion Paper},
year = {2011},
volume ={1}
}

@ARTICLE{BP20,
author = {S.Brin and L.Page},
title = {The anatomy of a large-scale hypertextual web search engine},
journal ={Comput. Network ISDN Syst.},
year = {1998},
volume ={30},
pages ={107�117}
}

@BOOK{LM21,
author ={A.N.Langville and C.D.Meyer},
title = {Google�s PageRank and beyond: The science of search engine rankings},
publisher ={Princeton University Press},
year = {2006}
}

@misc{Zh22,
author = {M.E.Zhukovskiy},
title = {Methof of accounting for the properties of vertices in the calculation of PageRank},
journal = {Presentation at the seminar laboratory PreMoLab},
year = {2013},
url = {http://www.mathnet.ru/php/seminars.phtml?option_lang=rus&presentid=7474}
}

@ARTICLE{GG23,
author = {A.V.Gasnikov and E.V.Gasnikova},
title = {On the entropy-like functionals arising in stochastic chemical kinetics at
a concentration of invariant measures and as Lyapunov functions in a dynamics of quazy-averages},
journal = {Mathematical Notes},
year = {2013},
volume = {94},
number = {6},
pages = {816-824}
}

@UNPUBLISHED{GD24,
author ={A.V.Gasnikov and D.Yu.Dmitriev},
title = {On effective randomized search algorithms vector PageRank},
journal = {Automation and Remote Control},
year = {2014}
}

@ARTICLE{GasDornNestShpir,
author = {Гасников А. В.,Дорн Ю. В.,Нестеров Ю.Е.,Шпирко С. В.},
title = {О трехстадийной версии модели стационарной динамики транспортных потоков},
journal = {Математическое моделирование},
year = {2014},
volume = {В печати}
}

@ARTICLE{NesdePalma2003,
author = {Yutii Nesterov, Andre de Palma},
title = {Stationary Dynamics Solutions in Congested Transportation Networks: Summary and Perspectives},
journal = {Networks and Spatial Economics},
year = {2003},
volume = {3},
pages = {371-395}
}

@ARTICLE{NesChar07,
author = {Yutii Nesterov},
title = {Characteristic functions of directed graphs and application to stohastic equilibrium problems},
journal = {Optim Eng},
year = {2007},
volume = {8},
pages = {193-214}
}

@ARTICLE{Dijkstr,
    author      = {E. W. Dijkstra.},
    title       = {A note on two problems in connexion with graphs},
    journal     = {Numerische Mathematik},
    year        = {1959},
    volume      = {1},
    pages       = {269-271}
}

@ARTICLE{NYBAD,
    author      = {К.В. Ким,Ю.Е. Нестеров,Б.В. Черкасский},
    title       = {Оценка трудоемкости вычисления градиента},
    journal     = {ДАН},
    year        = {1983}
}

@ARTICLE{NYBAD2,
    author      = {К.В. Ким, Ю.Е. Нестеров, В.А. Соколов., Б.В. Черкасский},
    title       = {Эффективный алгоритм вычислений производных и экстремальные задачи},
    journal     = {Экономика и Математические методы},
    year        = {1984},
    volume      = {XX №2},
    pages       = {308-318}
}

@ARTICLE{frenkin,
    author      = {Френкин Б.Р.},
    title       = {Теорема неймана о минимаксе - общеизвестная и неизвестная},
    journal     = {Математическое просвящение, М.МЦНМО},
    year        = {2005},
    volume      = {3 №9},
    pages       = {78-85}
}

@BOOK{sandh2010,
    author = {W.H. Sandholm},
    title = {Population Games and Evolutionary Dynamics},
    publisher = {Economic Learning and Social Evolution. MIT Press; Cambridge},
    year = {2010}
}

@ARTICLE{shvets,
    author = {Швецов В. И.},
    title = {Проблемы моделирования передвижений в транспортных сетях},
    journal = {Труды МФТИ},
    year = {2010},
    volume = {2},
    pages = {169-179}
}

@BOOK{barge,
    author = {H. Bar-Gera},
    title = {Origin-based algorithms for Transportation Network Modeling},
    publisher = { http://www.niss.org/sites/default/files/pdfs/technicalreports/tr103.pdf.},
    year = {1999}
}

@BOOK{polyak,
    author = {Б.Т. Поляк},
    title = {Введение в оптимизацию},
    publisher = {М.: ЛЕНАНД},
    year = {2013}
}

@ARTICLE{evtu,
    author = {Yuri Evtushenko},
    title = {Conputation of exaxt gradients in distributed dynamics systems},
    year = {1997}
}

@ARTICLE{sion,
    author = {Sion M.},
    title = {On general minimax theorem.},
    journal = {Pac. J. Math.},
    year = {1958},
    volume = {8},
    pages = {171–176}
}

@ARTICLE{Nest13,
    author = {Yu. Nesterov},
    title = {Universal Gradient Methods for Convex Optimization Problems},
    journal = {CORE DISCUSSION PAPER},
    year = {2013},
}

@ARTICLE{Nest14,
    author = {Yu. Nesterov and Vladimir Shikhman},
    title = {Convergent subgradient methods for nonsmoth convex minimization},
    journal = {CORE DISCUSSION PAPER},
    year = {2014},
}

@ARTICLE{ChudoNest,
    author = {Chudak F. A. , Vania Dos Santos Eleuterio, Yu. Nesterov},
    title = {Static Traffic Assignment Problem. A comparison between Beckman and Nesterov - de Palma models.},
    journal = {STRC},
    year = {2007},
}


@ARTICLE{NiksKarp2008,
    author = {D. Nikolaev and S. Karpenko and I. Nikolaev and P. Nikolayev},
    title = {Hough transform: underestimated tool in the computer vision field},
    journal = {Proceedings of the 22th European Conference on Modelling and Simulation},
    year = {2008},
    pages = {238-246}
}

@ARTICLE{Hart2009,
    author = {P. Hart},
    title = {How the {H}ough transform was invented [{DSP} History]}, 
    journal = {Signal Processing Magazine IEEE},
    year = {2009},
    volume = {26},
    number = {6},
    pages = {18-22}
}

@ARTICLE{Goldenshluger,
    author = {A. Goldenshluger and A. Zeevi},
    title = {THE HOUGH TRANSFORM ESTIMATOR}, 
    journal = {The Annals of Statistics},
    year = {2004},
    volume = {32},
    issue = {5},
    pages = {1908–1932}
}

@ARTICLE{Ballester1994,
    author = {P. Ballester},
    title = {Hough transform for robust regression and automated detection}, 
    journal = {Astronomy and Astrophysics},
    year = {1994},
    volume = {286},
    pages = {1011-1018}
}

@ARTICLE{NieNova2013,
    author = {F. Nie and J. Li and T. Tu and P. Zhang},
    title = {Image segmentation using two-dimensional extension of minimum within-class variance criterion}, 
    journal = {International Journal of Signal Processing},
    year = {2013},
    volume = {6},
    number = {5},
    pages = {13-24}
}

@ARTICLE{Brady1998,
    author = {M. Brady},
    title = {A fast discrete approximation algorithm for the {R}adon transform}, 
    journal = {SIAM J. Computing},
    year = {1998},
    volume = {27},
    number = {1},
    pages = {107-119}
}

@ARTICLE{NiksKarp2004,
    author = {S. Karpenko and D. Nikolaev and P. Nikolayev and V. Postnikov},
    title = {Fast {H}ough transform with controllable robustness (in {R}ussian)},
    journal = {In Proc. of IEEE AIS'04 and CAD-2004},
    year = {2004},
    volume = {2},
    pages = {303-309}
}

@ARTICLE{Fred2005,
    author = {M. Frederick and N. VanderHorn and A. Somani},
    title = {Real-time {H/W} Implementation of the Approximate Discrete Radon Transform}, 
    journal = {IEEE International Conference on Application-Specific Systems, Architecture Processors (ASAP'05)},
    year = {2005},
    volume = {2},
    pages = {399-404}
}

@ARTICLE{Otsu1979,
    author = {N. Otsu},
    title = {A threshold selection method from gray-level histograms}, 
    journal = {IEEE Transactions on Systems, Man and Cybernetics},
    year = {1979},
    volume = {9},
    number = {1},
    pages = {62-66}
}

@ARTICLE{Nikols2004,
    author = {D. Nikolaev and P. Nikolayev},
    title = {Linear color segmentation and its implementation},
    journal = {Computer Vision and Image Understanding},
    year = {2004},
    volume = {94},
    number = {1-3},
    pages = {115-139}
}

@ARTICLE{UsilNiPo2010,
    author = {S. Usilin and D. Nikolaev and V. Postnikov},
    title = {Structural compression of document images with {PDF/A}},
    journal = {24th European Conference on Modelling and Simulation (ECMS 2010)},
    year = {2010},
    pages = {242-246}
}

@ARTICLE{crow1984,
    author = {F. Crow},
    title = {Summed-area tables for texture mapping},
    journal = {SIGGRAPH '84 Proceedings of the 11th annual conference on Computer graphics and interactive techniques},
    volume = {18},
    number = {3},
    year = {1984},
    pages = {207-212}
}

@ARTICLE{bezm2012,
    author = {P. Bezmaternykh and T. Khanipov and D. Nikolaev},
    title = {Linear regression task solution with fast {H}ough transform (in {R}ussian)},
    journal = {35th Conference and School on Information Technologies and Systems (ITaS 2012)},
    year = {2012},
    pages = {354-359}
}

@ARTICLE{kroha2014,
    author = {D. Krohina and V. Prun and V. Postnikov},
    title = {Usage of {O}tsu criterion in geometric cut space for horizon line search (in {R}ussian)},
    journal = {37th Conference and School on Information Technologies and Systems (ITaS 2014)},
    year = {2014},
    pages = {303-307}
}

@ARTICLE{Jian1996,
    author = {G. Jian and L. Liyuan and C. Weinan},
    title = {A fast recursive algorithm for two-dimensional thresholding},
    journal = {3rd International Conference on Signal Processing (ICSIGP 1996)},
    volume = {2},
    year = {1996},
    pages = {1155-1158}
}

@ARTICLE{Yuliana2015,
    author = {Yu. Vinogradova and D. Nikolaev and D. Slugin},
    title = {Printed documents image stratification using color clasterization (in {R}ussian)},
    journal = {Information Technology and Computing Systems},
    volume = {2},
    year = {2015}   
    
}

@article{scharstein2002taxonomy,
  title={A taxonomy and evaluation of dense two-frame stereo correspondence algorithms},
  author={Scharstein, Daniel and Szeliski, Richard},
  journal={International journal of computer vision},
  volume={47},
  number={1-3},
  pages={7--42},
  year={2002},
  publisher={Kluwer Academic Publishers}
}

@inproceedings{geiger2012we,
	title={Are we ready for autonomous driving? the kitti vision benchmark suite},
	author={Geiger, Andreas and Lenz, Philip and Urtasun, Raquel},
	booktitle={Computer Vision and Pattern Recognition (CVPR), 2012 IEEE Conference on},
	pages={3354--3361},
	year={2012},
	organization={IEEE}
}

@article{van2006real,
	title={Real-time dense stereo for intelligent vehicles},
	author={Van Der Mark, Wannes and Gavrila, Dariu M},
	journal={Intelligent Transportation Systems, IEEE Transactions on},
	volume={7},
	number={1},
	pages={38--50},
	year={2006},
	publisher={IEEE}
}

@inproceedings{labibes2003integrated,
	title={An integrated design and validation environment for intelligent vehicle safety systems (IVSS)},
	author={Labibes, K and Papp, Z and Thean, ACH and Lemmen, PPM and Dorrepaal, M and Leneman, FJW},
	booktitle={10th World Congress and exhibition on ITS},
	pages={16--20},
	year={2003}
}

@inproceedings{papp2003multi,
	title={Multi-agent based HIL simulator with high fidelity virtual sensors},
	author={Papp, Z and Labibes, K and Thean, AHC and Van Elk, MG},
	booktitle={Intelligent Vehicles Symposium, 2003. Proceedings. IEEE},
	pages={213--218},
	year={2003},
	organization={IEEE}
}

@inproceedings{sunyoto2004comparative,
	title={A comparative study of fast dense stereo vision algorithms},
	author={Sunyoto, Harris and Van der Mark, Wannes and Gavrila, Dariu M},
	booktitle={Intelligent Vehicles Symposium, 2004 IEEE},
	pages={319--324},
	year={2004},
	organization={IEEE}
}


@inproceedings{szeliski1999prediction,
	title={Prediction error as a quality metric for motion and stereo},
	author={Szeliski, Richard},
	booktitle={Computer Vision, 1999. The Proceedings of the Seventh IEEE International Conference on},
	volume={2},
	pages={781--788},
	year={1999},
	organization={IEEE}
}

@misc{Hough1962patent,
    title = {Method and means for recognizing complex patterns},
    author = {Paul V.C. Hough. and Ann Arbor},
    year = {1962},
    month = {12},
    day = {18},
    publisher={Google Patents},
    note={US Patent 3069654}
}

@ARTICLE{bezm2012rus,
    author = {Безматерных П. Ханипов Т.М.  Николаев Д.П.},
    title = {Решение задачи линейной регрессии с помощью быстрого преобразования Хафа},
    journal = {Материалы 35-й конференции молодых ученых и специалистов “Информационные технологии и системы (ИТиС’12), стр. 354-359},
    year = {2012},
}

@ARTICLE{NiksKarp2004rus,
    author = {Карпенко С. М.,, Николаев Д.П.,,   Николаев П.П,, Постников В. В.},
    title = {Быстрое преобразование Хафа с управляемой робастностью},
    journal = {Искусственные интеллектуальные системы и Интеллектуальные САПР. Труды международной конференции IEEE AIS"04 и CAD-2004. М.: Изд-во Физматлит, т. 2, стр. 303-309},
    year = {2004},
    language={russian},
    hyphenation={russian},
}

@ARTICLE{Edholm1987,
	author = {P. Edholm,, G.T. Herman},
	title = {Linograms in image reconstruction from projections},
	journal = {IEEE Trans. Medical Imaging},
	volume={MI-6(4)},
	pages = {301-307},
	year = {1987}
}

@ARTICLE{Edholm1988,
	author = {P. Edholm,, G.T. Herman,, D.A. Roberts},
	title = {Image reconstruction from linograms: Implementation and evaluation},
	journal = {IEEE Trans. Medical Imaging},
	volume={MI-7(3)},
	pages = {239-246},
	year = {1988}
}

@ARTICLE{Donoho,
	author = {Averbuch, A.,, Coifman, R. R.,, Donoho, D. L.,, Israeli, M.,, & Waldén, J. },
	title = {A notion of Radon transform for data in a Cartesian grid, which is rapidly computable, algebraically exact, geometrically faithful and invertible},
	journal = {SIAM Scientific Computing},
	year = {2001}
}

@ARTICLE{drew1991,
	author = {B. V. Funt and M. S. Drew and Ho, J.},
	title = {Color constancy from mutual reflection},
	journal = {International Journal of Computer Vision},
	year = {1991},
	volume = {6(1)},
	pages = {5-24}
}

@ARTICLE{ppn2005,
	author = {Dmitry P Nikolaev and Petr P Nikolaev},
	title = {Comparative analysis of Gaussian and linear spectral models for colour constancy},
	journal = {Proceedings of 19th European Conference on Modelling and Simulation},
	year = {2005},
	pages = {300-305}
}

@ARTICLE{ppn2006,
	author = {Dmitry P Nikolaev and Petr P Nikolaev and V.P. Bozhkova},
	title = {Efficiency comparison of analytical Gaussian and linear spectral models in the same colour constancy framework},
	journal = {International Journal of Simulation–Systems, (IJSSST, Special Issue on: Vision and Visualization)},
	year = {2006},
	pages = {21-36}
}

@ARTICLE{ppn2007,
	author = {Dmitry P Nikolaev and Petr P Nikolaev},
	title = {On spectral models and colour constancy clues},
	journal = {21st European Conference on Modelling and Simulation (ECMS 2007, pp. 318-323},
	year = {2007},
	pages = {318-323}
}

@ARTICLE{ppn2008,
	author = {Dmitry P Nikolaev and Simon M. Karpenko and Petr P Nikolaev},
	title = {Color constancy spectral model: selection rules},
	journal = {Proceedings of ISA (In Russia)},
	year = {2008},
	pages = {322-335}
}

@ARTICLE{ppn2007rus,
	author = {Dmitry P Nikolaev and Petr P Nikolaev},
	title = {Multiple reflection phenomenon usage for color constansy},
	year = {2007}
}

@article{forsyth1990novel,
  title={A novel algorithm for color constancy},
  author={David A Forsyth},
  journal={International Journal of Computer Vision},
  volume={5},
  number={1},
  pages={5--35},
  year={1990},
  publisher={Springer}
}

@article{land1971lightness,
  title={Lightness and retinex theory},
  author={Edwin H Land and John J McCann},
  journal={JOSA},
  volume={61},
  number={1},
  pages={1--11},
  year={1971},
  publisher={Optical Society of America}
}

@article{yilmaz1962,
  title={The theory of colour vision},
  author={Yilmaz H.},
  journal={Biological Prototypes and Synthetic Systems},
  volume={1},
  pages={126--1143},
  year={1962},
  publisher={Plenum Press}
}

@article{nikolaev2007spectral,
  title={On spectral models and colour constancy clues},
  author={Dmitry P Nikolaev and Petr P Nikolayev},
  journal={21st European Conference on Modelling and Simulation (ECMS 2007)},
  pages={318--323},
  year={2007},
}

@article{nister2004efficient,
  title={An efficient solution to the five-point relative pose problem},
  author={Nist{\'e}r, David},
  journal={IEEE transactions on pattern analysis and machine intelligence},
  volume={26},
  number={6},
  pages={756--770},
  year={2004},
  publisher={IEEE}
}

@inproceedings{hartley1992estimation,
  title={Estimation of relative camera positions for uncalibrated cameras},
  author={Hartley, Richard I},
  booktitle={European Conference on Computer Vision},
  pages={579--587},
  year={1992},
  organization={Springer}
}

@article{hartley1997defense,
  title={In defense of the eight-point algorithm},
  author={Hartley, Richard I},
  journal={IEEE Transactions on pattern analysis and machine intelligence},
  volume={19},
  number={6},
  pages={580--593},
  year={1997},
  publisher={IEEE}
}

@article{heeger1992subspace,
  title={Subspace methods for recovering rigid motion I: Algorithm and implementation},
  author={Heeger, David J and Jepson, Allan D},
  journal={International Journal of Computer Vision},
  volume={7},
  number={2},
  pages={95--117},
  year={1992},
  publisher={Springer}
}

@inproceedings{hook1990using,
  title={Using Sturm sequences to bracket real roots of polynomial equations},
  author={Hook, DG and McAree, PR},
  booktitle={Graphics gems},
  pages={416--422},
  year={1990},
  organization={Academic Press Professional, Inc.}
}

@book{kruppa1913ermittlung,
  title={Zur Ermittlung eines Objektes aus zwei Perspektiven mit innerer Orientierung},
  author={Kruppa, Erwin},
  year={1913},
  publisher={H{\"o}lder}
}

@book{horn2012matrix,
  title={Matrix analysis},
  author={Horn, Roger A and Johnson, Charles R},
  year={2012},
  publisher={Cambridge university press}
}

@article{edelman1995polynomial,
  title={Polynomial roots from companion matrix eigenvalues},
  author={Edelman, Alan and Murakami, H},
  journal={Mathematics of Computation},
  volume={64},
  number={210},
  pages={763--776},
  year={1995}
}

@article{longuet1987computer,
  title={A computer algorithm for reconstructing a scene from two projections},
  author={Longuet-Higgins, H Christopher},
  journal={Readings in Computer Vision: Issues, Problems, Principles, and Paradigms, MA Fischler and O. Firschein, eds},
  pages={61--62},
  year={1987}
}

@article{aberth1973iteration,
  title={Iteration methods for finding all zeros of a polynomial simultaneously},
  author={Aberth, Oliver},
  journal={Mathematics of computation},
  volume={27},
  number={122},
  pages={339--344},
  year={1973}
}

@article{jenkins1970three,
  title={A three-stage algorithm for real polynomials using quadratic iteration},
  author={Jenkins, MA and Traub, Joseph F},
  journal={SIAM Journal on Numerical Analysis},
  volume={7},
  number={4},
  pages={545--566},
  year={1970},
  publisher={SIAM}
}

@inproceedings{hook1990using,
  title={Using Sturm sequences to bracket real roots of polynomial equations},
  author={Hook, DG and McAree, PR},
  booktitle={Graphics gems},
  pages={416--422},
  year={1990},
  organization={Academic Press Professional, Inc.}
}

@article{konovalenko2015uav,
  title={UAV navigation on the basis of the feature points detection on underlying surface},
  author={Konovalenko, I and Miller, A and Miller, B and Nikolaev, D},
  booktitle={Proceedings of the 29th European Conference on Modeling and Simulation (ECMS 2015), Albena (Varna), Bulgaria},
  pages={499-505},
  year={2015}
}

@article{karpenko2015uav,
  title={UAV Control on the Basis of 3D Landmark Bearing-Only Observations},
  author={Karpenko, Simon and Konovalenko, Ivan and Miller, Alexander and Miller, Boris and Nikolaev, Dmitry},
  journal={Sensors},
  volume={15},
  number={12},
  pages={29802--29820},
  year={2015},
  publisher={Multidisciplinary Digital Publishing Institute}
}

@article{caprile1990using,
  title={Using vanishing points for camera calibration},
  author={Caprile, Bruno and Torre, Vincent},
  journal={International journal of computer vision},
  volume={4},
  number={2},
  pages={127--139},
  year={1990},
  publisher={Springer}
}

@article{zhang1996motion,
  title={Motion of an uncalibrated stereo rig: Self-calibration and metric reconstruction},
  author={Zhang, Zhengyou and Luong, Quang-Tuan and Faugeras, Olivier},
  journal={IEEE Transactions on Robotics and Automation},
  volume={12},
  number={1},
  pages={103--113},
  year={1996},
  publisher={IEEE}
}

@inproceedings{chen2003epipole,
  title={Epipole Estimation under Pure Camera Translation.},
  author={Chen, Zezhi and Pears, Nick and McDermid, John and Heseltine, Thomas},
  booktitle={DICTA},
  volume={3},
  pages={849--858},
  year={2003}
}

@article{longuet1987computer,
  title={A computer algorithm for reconstructing a scene from two projections},
  author={Longuet-Higgins, H Christopher},
  journal={Readings in Computer Vision: Issues, Problems, Principles, and Paradigms, MA Fischler and O. Firschein, eds},
  pages={61--62},
  year={1987}
}

@inproceedings{ershov2015icmv,
  title={Fast {H}ough transform analysis: pattern deviation from line segment},
  author={Ershov, E I and Terekhin, A P and Nikolaev, D P and Postnikov, V V and Karpenko, S M},
  booktitle={Eighth International Conference on Machine Vision},
  pages={987509I 1--5},
  year={2015},
  organization={International Society for Optics and Photonics}
}

@inproceedings{ershovfast,
  title={Fast 3D Hough Transform computation},
  author={Ershov, E and Terekhin, A and Karpenko, S and Nikolaev, D and Postnikov, V},
  booktitle={30th European Conference on Modelling and Simulation.(In printing)},
  year={2016}
}

@inproceedings{ershov2015exact,
  title={Exact Fast Algorithm For Optimal Linear Separation Of 2D Distribution.},
  author={Ershov, Egor I and Postnikov, Vassili V and Terekhin, Arseniy P and Nikolaev, Dmitry P},
  booktitle={ECMS},
  pages={469--474},
  year={2015}
}

@inproceedings{ershov2015generalized,
  title={GENERATION ALGORITHMS OF FAST GENERALIZED HOUGH TRANSFORM},
  author={Ershov, Egor I and Shvets, Evgeny A and Khanipov, Timur M and Nikolaev, Dmitry P},
  booktitle={ECMS},
  pages={0},
  year={2017}
}

@book{Gelfand2000,
  title={Избранные задачи интегральной геометрии},
  author={Гельфанд, И.М. and Гиндикин, С.Г. and Граев, М.И.},
  year={2000},
  publisher={Добросвет М.}
}

@inproceedings{hough1959machine,
  title={Machine analysis of bubble chamber pictures},
  author={Hough, Paul VC},
  booktitle={International conference on high energy accelerators and instrumentation},
  volume={73},
  pages={2},
  year={1959}
}

@article{limberger2015real,
  title={Real-time detection of planar regions in unorganized point clouds},
  author={Limberger, Frederico A and Oliveira, Manuel M},
  journal={Pattern Recognition},
  volume={48},
  number={6},
  pages={2043--2053},
  year={2015},
  publisher={Elsevier}
}

@inproceedings{jianzhuang1991automatic,
  title={Automatic thresholding of gray-level pictures using two-dimension Otsu method},
  author={Jianzhuang, Liu and Wenqing, Li and Yupeng, Tian},
  booktitle={Circuits and Systems, 1991. Conference Proceedings, China., 1991 International Conference on},
  pages={325--327},
  year={1991},
  organization={IEEE}
}

@article{gong1998fast,
  title={Fast recursive algorithms for two-dimensional thresholding},
  author={Gong, Jian and Li, Liyuan and Chen, Weinan},
  journal={Pattern recognition},
  volume={31},
  number={3},
  pages={295--300},
  year={1998},
  publisher={Elsevier}
}

@article{li1997gray,
  title={Gray level image thresholding based on fisher linear projection of two-dimensional histogram},
  author={Li, Liyuan and Gong, Ran and Chen, Weinan},
  journal={Pattern Recognition},
  volume={30},
  number={5},
  pages={743--749},
  year={1997},
  publisher={Elsevier}
}

@article{ye2012image,
  title={Image segmentation using thresholding and swarm intelligence},
  author={Ye, Zhiwei and Hu, Zhengbing and Lai, Xudong and Chen, Hongwei},
  journal={Journal of Software},
  volume={7},
  number={5},
  pages={1074--1082},
  year={2012}
}

@article{otsu1979threshold,
  title={A threshold selection method from gray-level histograms},
  author={Otsu, Nobuyuki},
  journal={IEEE transactions on systems, man, and cybernetics},
  volume={9},
  number={1},
  pages={62--66},
  year={1979},
  publisher={IEEE}
}

@incollection{rokach2005clustering,
  title={Clustering methods},
  author={Rokach, Lior and Maimon, Oded},
  booktitle={Data mining and knowledge discovery handbook},
  pages={321--352},
  year={2005},
  publisher={Springer}
}

@article{steinhaus1956division,
  title={Sur la division des corp materiels en parties},
  author={Steinhaus, Hugo},
  journal={Bull. Acad. Polon. Sci},
  volume={1},
  number={804},
  pages={801},
  year={1956}
}

@article{dempster1977maximum,
  title={Maximum likelihood from incomplete data via the EM algorithm},
  author={Dempster, Arthur P and Laird, Nan M and Rubin, Donald B},
  journal={Journal of the royal statistical society. Series B (methodological)},
  pages={1--38},
  year={1977},
  publisher={JSTOR}
}

@inproceedings{ester1996density,
  title={A density-based algorithm for discovering clusters in large spatial databases with noise.},
  author={Ester, Martin and Kriegel, Hans-Peter and Sander, J{\"o}rg and Xu, Xiaowei and others},
  booktitle={Kdd},
  volume={96},
  number={34},
  pages={226--231},
  year={1996}
}

@inproceedings{ankerst1999optics,
  title={OPTICS: ordering points to identify the clustering structure},
  author={Ankerst, Mihael and Breunig, Markus M and Kriegel, Hans-Peter and Sander, J{\"o}rg},
  booktitle={ACM Sigmod record},
  volume={28},
  number={2},
  pages={49--60},
  year={1999},
  organization={ACM}
}

@article{saha2010hough,
  title={A Hough transform based technique for text segmentation},
  author={Saha, Satadal and Basu, Subhadip and Nasipuri, Mita and Basu, Dipak Kr},
  journal={arXiv preprint arXiv:1002.4048},
  year={2010}
}

@article{radon1917,
  title={Über die Bestimmung von Funktionen durch ihre Integralwerte längs gewisser Mannigfaltigkeiten},
  author={Radon, Johann},
  journal={Berichte über die Verhandlungen der Königlich-Sächsischen Akademie der Wissenschaften zu Leipzig},
  year={1917}
}

@article{penrose1967twistor,
  title={Twistor algebra},
  author={Penrose, Roger},
  journal={Journal of Mathematical physics},
  volume={8},
  number={2},
  pages={345--366},
  year={1967},
  publisher={AIP}
}

@article{prun2013effective,
  title={Effective regularized algebraic reconstruction technique for computed tomography},
  author={Prun, VE and Nikolaev, DP and Buzmakov, AV and Chukalina, MV and Asadchikov, VE},
  journal={Crystallography Reports},
  volume={58},
  number={7},
  pages={1063--1066},
  year={2013},
  publisher={Springer}
}

@article{deans1981hough,
  title={Hough transform from the Radon transform},
  author={Deans, Stanley R},
  journal={IEEE Transactions on Pattern Analysis and Machine Intelligence},
  volume = {1},
  number={2},
  pages={185--188},
  year={1981},
  publisher={IEEE}
}

@article{van2004short,
  title={A short introduction to the Radon and Hough transforms and how they relate to each other},
  author={van Ginkel, Michael and Hendriks, CL Luengo and van Vliet, Lucas J},
  journal={Quantitative Imaging Group, Imaging Science \& Technology Department, TU Delft},
  year={2004}
}

article{jeng1990fast,
  title={Fast generalized Hough transform},
  author={Jeng, Sheng-Ching and Tsai, Wen-Hsiang},
  journal={Pattern Recognition Letters},
  volume={11},
  number={11},
  pages={725--733},
  year={1990},
  publisher={Elsevier}
}

@article{ulrich2003real,
  title={Real-time object recognition using a modified generalized Hough transform},
  author={Ulrich, Markus and Steger, Carsten and Baumgartner, Albert},
  journal={Pattern Recognition},
  volume={36},
  number={11},
  pages={2557--2570},
  year={2003},
  publisher={Elsevier}
}

@article{brown1992survey,
  title={A survey of image registration techniques},
  author={Brown, Lisa Gottesfeld},
  journal={ACM computing surveys (CSUR)},
  volume={24},
  number={4},
  pages={325--376},
  year={1992},
  publisher={ACM}
}

@article{ballard1981generalizing,
  title={Generalizing the Hough transform to detect arbitrary shapes},
  author={Ballard, Dana H},
  journal={Pattern recognition},
  volume={13},
  number={2},
  pages={111--122},
  year={1981},
  publisher={Elsevier}
}

@article{davis1982hierarchical,
  title={Hierarchical generalized Hough transforms and line-segment based generalized Hough transforms},
  author={Davis, Larry S},
  journal={Pattern Recognition},
  volume={15},
  number={4},
  pages={277--285},
  year={1982},
  publisher={Elsevier}
}

@article{illingworth1988survey,
  title={A survey of the Hough transform},
  author={Illingworth, John and Kittler, Josef},
  journal={Computer vision, graphics, and image processing},
  volume={44},
  number={1},
  pages={87--116},
  year={1988},
  publisher={Elsevier}
}

@article{mukhopadhyay2015survey,
  title={A survey of Hough Transform},
  author={Mukhopadhyay, Priyanka and Chaudhuri, Bidyut B},
  journal={Pattern Recognition},
  volume={48},
  number={3},
  pages={993--1010},
  year={2015},
  publisher={Elsevier}
}

@article{xu1993randomized,
  title={Randomized Hough transform (RHT): basic mechanisms, algorithms, and computational complexities},
  author={Xu, Lei and Oja, Erkki},
  journal={CVGIP: Image understanding},
  volume={57},
  number={2},
  pages={131--154},
  year={1993},
  publisher={Elsevier}
}

@article{xu1990new,
  title={A new curve detection method: randomized Hough transform (RHT)},
  author={Xu, Lei and Oja, Erkki and Kultanen, Pekka},
  journal={Pattern recognition letters},
  volume={11},
  number={5},
  pages={331--338},
  year={1990},
  publisher={Elsevier}
}

@article{chen2001efficient,
  title={An efficient randomized algorithm for detecting circles},
  author={Chen, Teh-Chuan and Chung, Kuo-Liang},
  journal={Computer Vision and Image Understanding},
  volume={83},
  number={2},
  pages={172--191},
  year={2001},
  publisher={Elsevier}
}

@article{pippenger1980evaluation,
  title={On the evaluation of powers and monomials},
  author={Pippenger, Nicholas},
  journal={SIAM Journal on Computing},
  volume={9},
  number={2},
  pages={230--250},
  year={1980},
  publisher={SIAM}
}

@article{bernstein2008fast,
  title={Fast multiplication and its applications},
  author={Bernstein, Daniel J},
  journal={Algorithmic number theory},
  volume={44},
  pages={325--384},
  year={2008},
  publisher={Cambridge University Press}
}

@article{garey1979computers,
  title={Computers and intractability: a guide to the theory of NP-completeness. 1979},
  author={Garey, Michael R and Johnson, David S},
  journal={San Francisco, LA: Freeman},
  volume={58},
  year={1979}
}

@article{duda1972use,
  title={Use of the Hough transformation to detect lines and curves in pictures},
  author={Duda, Richard O and Hart, Peter E},
  journal={Communications of the ACM},
  volume={15},
  number={1},
  pages={11--15},
  year={1972},
  publisher={ACM}
}

@article{merlin1975parallel,
  title={A parallel mechanism for detecting curves in pictures},
  author={Merlin, Philip M. and Farber, David J.},
  journal={IEEE Transactions on Computers},
  volume={100},
  number={1},
  pages={96--98},
  year={1975},
  publisher={IEEE}
}

@article{kimme1975finding,
  title={Finding circles by an array of accumulators},
  author={Kimme, Carolyn and Ballard, Dana and Sklansky, Jack},
  journal={Communications of the ACM},
  volume={18},
  number={2},
  pages={120--122},
  year={1975},
  publisher={ACM}
}

@misc{butler1991line,
  title={Line generation in a display system},
  author={Butler, Nicholas D and Gay, Adrian C and Bresenham, Jack E},
  year={1991},
  month=feb # "~26",
  publisher={Google Patents},
  note={US Patent 4,996,653}
}

@article{vosselman20013d,
  title={3D building model reconstruction from point clouds and ground plans},
  author={Vosselman, George and Dijkman, Sander and others},
  journal={International archives of photogrammetry remote sensing and spatial information sciences},
  volume={34},
  number={3/W4},
  pages={37--44},
  year={2001},
  publisher={NATURAL RESOURCES CANADA}
}

@article{achtert2008global,
  title={Global correlation clustering based on the Hough transform},
  author={Achtert, Elke and B{\"o}hm, Christian and David, J{\"o}rn and Kr{\"o}ger, Peer and Zimek, Arthur},
  journal={Statistical Analysis and Data Mining},
  volume={1},
  number={3},
  pages={111--127},
  year={2008},
  publisher={Wiley Online Library}
}

@article{gordon1974tutorial,
  title={A tutorial on ART (algebraic reconstruction techniques)},
  author={Gordon, Richard},
  journal={IEEE Transactions on Nuclear Science},
  volume={21},
  number={3},
  pages={78--93},
  year={1974},
  publisher={IEEE}
}

@ARTICLE{Brady92,
	author = {Brady, M. L.,, Yong, W.},
	title = {Fast parallel discrete approximation algorithms for the Radon transform},
	journal = {In Proceedings of the fourth annual ACM symposium on Parallel algorithms and architectures. ACM.},
	pages = {91-99},
	year = {1992}
}

@ARTICLE{gots1993dis,
	author = {W. A. Gotz},
	title = {Eine Schnelle Diskrete Radon Transformation
basierend auf rekursiv definiertern Digitalen Geraden},
	journal = {Dissertation},
	pages = {University of Insbruck},
	year = {1993}
}

@ARTICLE{Gotz1995,
	author = {Götz, W. A.,, H. J. Druckmüller},
	title = {A fast digital Radon transform—An efficient means for evaluating the Hough transform.},
	journal = {Pattern Recognition},
	volume = {28.12},
	pages = {1985-1992},
	year = {1995}
}

@ARTICLE{vuillemin1994,
	author = {Vuillemin J. E},
	title = {Fast linear Hough transform},
	journal = {Application Specific Array Processors, 1994. Proceedings. International Conference on. – IEEE},
	pages = {1-9},
	year = {1994}
}

@inproceedings{frederick2005real,
  title={Real-time H/W implementation of the approximate discrete Radon transform},
  author={Frederick, Michael T and VanderHorn, Nathan A and Somani, Arun K},
  booktitle={Application-Specific Systems, Architecture Processors, 2005. ASAP 2005. 16th IEEE International Conference on},
  pages={399--404},
  year={2005},
  organization={IEEE}
}

@article{lagutin2013,
  title={Наглядная математическая статистика},
  author={Лагутин, МБ},
  journal={М.: Бином. Лаборатория знаний},
  year={2013}
}

@article{convergenceIRLS,
  title={Convergence of Iteratively Re-weighted Least Squares to Robust M-estimators},
  author={Khurrum Aftab, Richard Hartley},
  journal={2015 IEEE Winter Conference on Applications of Computer Vision},
  pages={480--487},
  year={2015},
  publisher={Conference Publishing Services (CPS)}
}

@incollection{vandame2001fast,
  title={Fast Hough transform for robust detection of satellite tracks},
  author={Vandame, Beno{\^\i}t},
  booktitle={Mining the Sky},
  pages={595--597},
  year={2001},
  publisher={Springer}
}

@incollection{simpson1997introduction,
  title={Introduction to Rousseeuw (1984) Least Median of Squares Regression},
  author={Simpson, DG},
  booktitle={Breakthroughs in Statistics},
  pages={433--461},
  year={1997},
  publisher={Springer}
}

@article{choi1997performance,
  title={Performance evaluation of RANSAC family},
  author={Choi, Sunglok and Kim, Taemin and Yu, Wonpil},
  journal={Journal of Computer Vision},
  volume={24},
  number={3},
  pages={271--300},
  year={1997}
}

@phdthesis{pfeil2006statistical,
  title={Statistical Teaching Aids},
  author={Pfeil, William A},
  year={2006},
  school={Worcester Polytechnic Institute}
}

@article{guil1997lower,
  title={Lower order circle and ellipse Hough transform},
  author={Guil, Nicol{\'a}s and Zapata, Emilio L},
  journal={Pattern Recognition},
  volume={30},
  number={10},
  pages={1729--1744},
  year={1997},
  publisher={Elsevier}
}

@article{markovsky2007overview,
  title={Overview of total least-squares methods},
  author={Markovsky, Ivan and Van Huffel, Sabine},
  journal={Signal processing},
  volume={87},
  number={10},
  pages={2283--2302},
  year={2007},
  publisher={Elsevier}
}

@article{adcock1878problem,
  title={A problem in least squares},
  author={Adcock, Robert James},
  journal={The Analyst},
  volume={5},
  number={2},
  pages={53--54},
  year={1878},
  publisher={JSTOR}
}

@book{huber2011robust,
  title={Robust statistics},
  author={Huber, Peter J},
  year={2011},
  publisher={Springer}
}


@article{markovsky2005tls,
  title={On the equivalence between total least squares and maximum likelihood PCA},
  author={M. Schuermans, I. Markovsky, Peter D. Wentzel, S. Van Huffel},
  journal={Analytica Chimica Acta},
  volume={544},
  number={1-2},
  pages={254--267},
  year={2005},
  publisher={Elsevier}
}


@article{siegel1982medians,
 title={Robust regression using repeated medians},
 author={Andrew F. Siegel},
 journal={Biometrika},
 volume={69},
 number={1},
 pages={242--244},
 year={1982},
 publisher={Oxford University Press}
}

@book{leroy2003robust,
 title={Robust Regression and Outlier Detection},
 author={Peter J. Rousseeuw, Annick M. Leroy},
 year={2003},
 publisher={Wiley}
}

@article{golub1979total,
  title={Total least squares},
  author={Golub, Gene H and Van Loan, Charles},
  journal={Smoothing Techniques for Curve Estimation},
  pages={69--76},
  year={1979},
  publisher={Springer}
}

@article{chas1879reduction,
  title={Reduction of observation equations which contain more than one observed quantity},
  author={Chas. H. Kummell},
  journal={The Analyst},
  pages={97--105},
  year={1879},
  publisher={JSTOR}
}